@misc{Multipath,
  title = {{TEMS iBuildNet: Ray-Tracing } Multi-path},
  howpublished = {\url{http://www.tems.com/blog/item/74-tems-ibuildnet-ray-tracing}},
author={A. Hall},
year={2016},
  note = {Accessed: 2016-11-13}
}


@misc{Background,
  title = {{Drahtlose Kommunikation} },
  howpublished = {\url{http://www.iis.fraunhofer.de/de/ff/kom/tech/drahtlose-kommunikation.html}},
author={C. Wutz},
year={2016},
  note = {Accessed: 2016-11-14}
}

@misc{Reflection,
  title = {{Reflection} },
  howpublished = {\url{http://www.excelatphysics.com/reflection-of-light.html}},
author={Excel@Physics},
year={2014},
  note = {Accessed: 2016-11-14}
}


@misc{Refraction,
  title = {{Waves Tutorial 6 â€“ Reflection, Refraction, and Optical Fibres} Refraction},
  howpublished = {\url{http://www.antonine-education.co.uk/Pages/Physics_2/Waves/WAV_06/Waves_6.htm}},
author={James Irvine},
year={2012},
  note = {Accessed: 2016-11-14}
}