@misc{Multipath,
  title = {{TEMS iBuildNet: Ray-Tracing } Multi-path},
  howpublished = {\url{http://www.tems.com/blog/item/74-tems-ibuildnet-ray-tracing}},
author={A. Hall},
year={2016},
  note = {Accessed: 2016-11-13}
}


@misc{Background,
  title = {{Drahtlose Kommunikation} },
  howpublished = {\url{http://www.iis.fraunhofer.de/de/ff/kom/tech/drahtlose-kommunikation.html}},
author={C. Wutz},
year={2016},
  note = {Accessed: 2016-11-14}
}

@misc{Reflection,
  title = {{Reflection} },
  howpublished = {\url{http://www.excelatphysics.com/reflection-of-light.html}},
author={Excel@Physics},
year={2014},
  note = {Accessed: 2016-11-14}
}


@misc{Refraction,
  title = {{Waves Tutorial 6: Reflection, Refraction, and Optical Fibres} Refraction},
  howpublished = {\url{http://www.antonine-education.co.uk/Pages/Physics_2/Waves/WAV_06/Waves_6.htm}},
author={James Irvine},
year={2012},
  note = {Accessed: 2016-11-14}
}
@misc{femtocells,
  title = {{Left2MyOwnDevices}Wait, I thought femtocells were the solution},
  howpublished ={\url{http://l2myowndevices.com/index.php/2011/08/31/wait-i-thought-femtocells-were-the-solution/}},
author={Don Dingee},
year={2011},
  note = {Accessed: 2016-11-14}
}

@misc{LTEfemtocells,
  title = {LTE-femtocells},
  howpublished ={\url{https://support.ixiacom.com/sites/default/files/resources/quick-reference-sheet/femtocell-qrs.pdf}},
author={IXIA},
year={2011},
  note = {Accessed: 2016-11-14}
}

@article{zyren2007overview,
  title={Overview of the 3GPP long term evolution physical layer},
  author={Zyren, Jim and McCoy, Wes},
  journal={Freescale Semiconductor, Inc., white paper},
  year={2007}
}
@Book{Antennas2007,
author = {Simon Saunders},
title = {Antennas and Propagation for Wireless Communication Systems},
publisher = {Manning Publications Co.},
year = {2000},
address = {Connecticut, USA}
}
