% This file was created with JabRef 2.10.
% Encoding: UTF-8


@PhdThesis{hewett2010sound,
  Title                    = {Sound propagation in an urban environment},
  Author                   = {Hewett, D. P.},
  School                   = {Oxford University},
  Year                     = {2010},

  Owner                    = {hw454},
  Timestamp                = {2017.11.09}
}

@Book{aragon2008antennas,
  Title                    = {Antennas and Propagation for Wireless Communication Systems},
  Author                   = {Saunders, S and Aragon-Zavala, A},
  Publisher                = {Manning Publications Co.},
  Year                     = {2008},

  Address                  = {Connecticut, USA}
}

@Book{wang2016logistics,
  Title                    = {E-Logistics: Managing Your Digital Supply Chains for Competitive Advantage},
  Author                   = {Wang, Yingli and Pettit, Stephen},
  Publisher                = {Kogan Page Publishers},
  Year                     = {2016},
  Note                     = {-Background},

  Owner                    = {hw454},
  Timestamp                = {2017.11.10}
}

